


@inproceedings{zhao2015bearing,
  title={Bearing-based formation stabilization with directed interaction topologies},
  author={Zhao, Shiyu and Zelazo, Daniel},
  booktitle={2015 54th IEEE Conference on Decision and Control (CDC)},
  pages={6115--6120},
  year={2015},
  organization={IEEE}
}



@book{williams1991probability,
  title={Probability with martingales},
  author={Williams, D.},
  publisher={Cambridge University Press},
  address={Cambridge},
  year={1991},
}

@book{chengzhaolin2006,
  title={线性系统理论},
  author={程兆林 and 马树萍},
  year={2006},
  address={北京},
  publisher={科学出版社}
}

@book{zhangsan2007,
  title={线性系统},
  author={张三 and 李四 and 王五 and 赵六 and 钱七},
  year={2007},
  address={北京},
  publisher={XX出版社},
  language={zh}
}


@article{cao2011formation,
  title={Formation control using range-only measurements},
  author={Cao, Ming and Yu, Changbin and Anderson, Brian DO},
  journal={Automatica},
  volume={47},
  number={4},
  pages={776--781},
  year={2011},
  publisher={Elsevier}
}


@article{xue2015formation,
  title={具有时延及联合连通拓扑的多飞行器分布式协同编队飞行控制研究},
  author={薛瑞彬 and 宋建梅 and 张民强},
  journal={兵工学报},
  volume={36},
  number={3},
  pages={492--502},
  year={2015}
}

@article{薛瑞彬2015具有时延及联合连通拓扑的多飞行器分布式协同编队飞行控制研究,
  title={具有时延及联合连通拓扑的多飞行器分布式协同编队飞行控制研究},
  author={薛瑞彬 and 宋建梅 and 张民强},
  journal={兵工学报},
  volume={036},
  number={003},
  pages={492-502},
  year={2015},
}


@mastersthesis{lisi2015,
author={李四},
title={LTE 下行链路传输与信道估计技术},
school={东南大学信息学院},
address={南京},
year=2015
}

@phdthesis{wangwu2015,
author={王五},
title={LTE MIMO检测技术},
school={东南大学信息学院},
address={南京},
year=2015
}

@phdthesis{deans2005bearings,
  title={Bearings-only localization and mapping},
  author={Deans, Matthew C and Hebert, Martial},
  address={XXX},
  year={2005},
  school={Citeseer}
}



@misc{irdawebsite,
  author={xxxx},
  title={Infrared Data Association(IrDA)},
  publisher={Website},
  year={2021},
  url={http://www.irda.org/}
}

@online{h7n9,
  author={张乐},
  title={我科学家成功研发人感染H7N9禽流感病毒疫苗株},
  address={北京},
  publisher={人民网},
  year={2013},
  modifydate={2013-10-27},
  url={http://society.people.com.cn/n/2013/1027/c1008-23337665.html},
  citedate={2013-10-27},
  langauge={zh},
}




@patent{xiao2012yi,
  author = {肖珍新},
  title = {一种新型排渣阀调节降温装置},
  country={中国},
  date = {2012年4月25日},
  patentid={123456}
}

@patent{p6915001,
  author={Tachibana, R. and Shimizu, S.
          and Kobayshi, S. and Other Authors},
  title={Electronic watermarking method and system},
  country={US},
  patentid={6,915,001},
  date={2002-04-25},
}

@newspaper{renminribao,
  editor={{人民日报编辑部}},
  title={人民日报},
  year={2011},
  volume={22892},
  address={北京},
  publisher={人民日报出版社},
  language={zh},
}


@news{zhang2000,
  author={张田勤},
  title={罪犯DNA库与生命伦理学计划},
  journal={大众科技报},
  date={2000-11-12}
}



@standard{gbt3469-1983,
  author={{中国科学技术情报研究所}},
  title={GB/T 3469-1983: 文献类型与文献载体代码},
  year={1983},
  language={zh}
}

@article{TinEye, 
  author = {蓝色的爱}, 
  title = {TinEye:用图片搜索你想要的}, 
  journal = {互联网天地}, 
  number = {03}, 
  pages={78},
  year = {2009}, 
  language={zh}
}

@webpage{BaiduImageNet,
  title = {{ImageNet}},
  author = {{百度百科贡献者}},
  publisher = {百度百科},
  url = {https://baike.baidu.com/item/ImageNet/17752829},
  citedate = {2023/05/08},
  language={zh}
}

@article{CNN1,
 author = {衣姝颖 and 白璐 and 李天平},
 title = {基于卷积神经网络的图像搜索技术研究},
 journal = {山东师范大学学报(自然科学版)},
 volume = {34},
 number = {01},
 pages = {88-95},
 year = {2019},
 issn = {1001-4748},
 doi ={},
 language={zh}
}

@article{CBIRSHORT,
 author = {杨慧 and 施水才},
 title = {基于内容的图像检索技术研究综述},
 journal = {软件导刊},
 volume = {22},
 number = {229-244},
 year = {2023},
 issn = {1672-7800},
 doi ={},
 language={zh}
}

@webpage{CNN2,
  title = {卷积神经网络提取图像特征的操作是怎样完成的},
  author = {快乐的小肥熊},
  publisher = {CSDN},
  url = {https://blog.csdn.net/shirley67269/article/details/126744063},
  language={zh},
  citedate = {2023/05/08}
}

@article{COLORINTERGRATE,
 author = { KANAPARTHI,S K.and RAJU,U S N. and  SHANMUKHI,P. },
 title = {Image retrieval by integrating global correlation of color and intensity histograms with local texture features},
 journal = {Multimedia Tools and Applications},
 volume = {79},
 number = {47},
 year = {2020},
 doi ={}
}

@article{HARALICK,
 author = { HARALICK,R M. and  SHANMUGAM,K. and DINSTEIN,I H. },
 title = {Textural features for image classification},
 journal = { IEEE Transactions on Systems，Man，and Cybernetics},
 volume = {},
 number = {6},
 year = {1973},
 pages = {610-621},
 doi ={}
}

@article{AAN,
 author = { ALZUBI,A. and AMIRA,A.  and  RAMZAN,N.},
 title = {Semantic content-based image retrieval：a comprehensive study},
 journal = {Journal of Visual Communication and Image Representation},
 volume = {32},
 number = {},
 year = {2015},
 pages = {20-54},
 doi ={}
}

@article{LAZEBNIK,
 author = { LAZEBNIK ,S. and SCHMID , C. and PONCE ,J.},
 title = {S Beyond bags of features：spatial pyramid matching for recognizing natural scene categories},
 colloquium = { Proceedings of the IEEE Computer Society Conference on Computer Vision and Pattern Recognition},
 volume = {2},
 number = {},
 year = {2006},
 pages = {2169-2178},
 doi ={}
}

@article{SIFT,
 author = {LOWE, D G.},
 title = {Distinctive image features from scale-invariant key points},
 journal = {International Journal of Computer Vision},
 volume = {60},
 number = {2},
 year = {2004},
 pages = {91-110},
 doi ={}
}

@article{SURF,
 author = {BAY ,H. and TUYTELAARS,T. and GOOL,L V.},
 title = { Surf：Speeded up robust features},
 colloquium = {Proceedings of the European Conference on Computer Vision},
 volume = {},
 number = {},
 year = {2006},
 pages = {404-417},
 doi ={}
}

@article{CORNER,
 author = {朱思聪 and 周德龙},
 title = {角点检测技术综述},
 journal = {计算机系统应用},
 number = {29},
 pages = {22-28},
 year = {2020},
 issn = {1003-3254},
 doi ={10.15888/j.cnki.csa.007237}
}

@article{MORAVEC,
 author = {Morevec,HP.},
 title = {Towards automatic visual obstacle avoidance.s},
 colloquium = {Proceedings of the 5th International Joint Conference on Artificial Intelligence},
 volume = {2},
 number = {},
 year = {1977},
 pages = {},
 doi ={}
}

@article{HARRIS,
 author = {HARRIS ,C. and STEPHENS ,M.},
 title = { A combined corner and edge detector},
 colloquium = {Proceedings of the 4th Alvey Vision Conference},
 volume = {15},
 number = {50},
 year = {1977},
 pages = {10-5244},
 doi ={}
}

@article{Smith,
 author = {Smith ,SM. and Brady ,JM.},
 title = { SUSAN—a new approach to low level image processing},
 journal = {International Journal of Computer Vision},
 volume = {23},
 number = {1},
 year = {1997},
 pages = {45-78},
 doi ={}
}

@article{CROWN,
 author = {王冠群 and 马苗 and 张艳宁},
 title = { 基于高斯变换的多尺度SUSAN角点检测方法},
 journal = {计算机工程与应用},
 volume = {52},
 number = {12},
 year = {2016},
 pages = {184-188},
 doi ={},
 language={zh}
}

@article{FAST,
 author = {Trajkovic ,M. and Hedley, M.},
 title = {Fast corner detection},
 journal = {Image and Vision Computing},
 volume = {16},
 number = {2},
 year = {1988},
 pages = {75-87},
 doi ={},
}

@article{PARK,
 author = {Park ,S. and Kim, G. and Park, J.},
 title = { 5nJ/pixel super-resolution enhanced FAST corner detection processor for high accuracy AR},
 colloquium = {Proceedings of the ESSCIRC 2014—40th European Solid State Circuits Conference},
 volume = {},
 number = {},
 year = {2014},
 pages = {191-194},
 address = {Venice Lido, Italy},
 doi ={}
}

@article{KMEANS,
 author = {HARTIGAN ,J A. and WONG, M A.},
 title = {Algorithm AS 136：a K-means clustering algorithm},
 journal = {Journal of the Royal Statistical Society},
 volume = {28},
 number = {1},
 year = {1979},
 pages = {100-108},
 doi ={},
}

@article{KMEANS++,
 author = {ARTHUR, D. and VASSILVITSKII, S.},
 title = { K-Means++：the advantages of careful seeding},
 colloquium = { Proceedings of the 8th Annual ACM-SIAM Symposium on
Discrete Algorithms},
 volume = {},
 number = {},
 year = {2007},
 pages = {1027-1035},
 doi ={},
}

@article{MEHMOOD,
 author = {MEHMOOD, Z. and MAHMOOD, T. and JAVID, M A.},
 title = {Content-based image retrieval and semantic automatic image annotation based on the weightedaverage of triangular histograms using support vector machine},
 journal = {Applied Intelligence},
 volume = {48},
 number = {1},
 year = {2018},
 pages = {166-181},
 doi ={},
}

@article{KUMAR,
 author = {KUMAR ,R.},
 title = { A hybrid feature extraction technique for content based medical image retrieval using segmentation and clustering techniques},
 journal = {Multimedia Tools and Applications},
 volume = {81},
 number = {6},
 year = {2022},
 pages = {8871-8904},
 doi ={},
}

@article{Li,
 author = {LI, Y. and KONG, X. and ZHENG, L.},
 title = {  Exploiting hierarchical activations of neural network for image retrieval},
 colloquium = {  Proceedings of the 24th ACM International Conference on Multimedia},
 volume = {},
 number = {},
 year = {2016},
 pages = {132-136},
 doi ={},
}

@webpage{search1,
  title = {搜索引擎发展的历史过程与发展现状},
  author = {大树2},
  publisher = {TinyMind},
  url = {https://www.tinymind.net.cn/articles/fb821710183823},
  language={zh},
  citedate = {2023/05/08}
}

@article{search2,
 author = {孙宏 and 李戴维 and 董旭阳 and 季泽旭},
 title = {搜索引擎技术与发展综述},
 journal = {计算机光盘软件与应用},
 volume = {No.197},
 number = {14},
 pages = {24-26},
 year = {2012},
 issn = {1007-9599},
 language={zh},
 doi ={}
 }

@article{featurematch,
 author = {唐灿 and 唐亮贵 and 刘波},
 title = {图像特征检测与匹配方法研究综述},
 journal = {南京信息工程大学学报(自然科学版)},
 volume = {12},
 number = {261-273},
 year = {2020},
 issn = {1674-7070},
 language={zh},
 doi ={10.13878/j.cnki.jnuist.2020.03.001}
 }
